Plačiau apie šaltinių tipus ir jų atributus:
http://mirror.datacenter.by/pub/mirrors/CTAN/macros/latex/contrib/biblatex/doc/biblatex.pdf#subsection.2.1

@article{PvzStraipsnLt,
    author={A. Pavardenis and B. Pavardonis and C. Pavardauskas},
    title={Straipsnio pavadinimas},
    journal={Žurnalo pavadinimas},
    year={2001},
    volume={IV},
    pages={8-17},
} 

@article{PvzStraipsnEn,
    author={A. Surname and B. Tsurname and C. Usurname},
    title={Article Title},
    journal={Journal Title},
    year={2001},
    volume={IV},
    pages={3-15},
    langid={english},
} 

@inproceedings{PvzKonfLt,
    author={A. Pavardenis and B. Pavardonis and C. Pavardauskas and D. Pavardinskas},
    title={Straipsnio pavadinimas},
    booktitle={Rinkinio pavadinimas},
    year={2002},
    publisher={Leidykla},
    address={Miestas, šalis},
    pages={3-15},
}

@inproceedings{PvzKonfEn,
    author={A. Surname and B. Tsurname and C. Usurname and D. Vsurname},
    title={Article title},
    booktitle={Conference book title},
    year={2002},
    publisher={Publisher},
    address={City, country},
    pages={3-15},
    langid={english},
}

@book{PvzKnygLt,  
    author={A. Pavardenis and B. Pavardonis and C. Pavardauskas},
    title={Knygos pavadinimas},
    publisher={Leidykla},
    year={2003},
    address={Miestas, šalis},
    note={172 psl.},
}

@book{PvzKnygEn,  
    author={A. Surname and B. Tsurname and C. Usurname},
    title={Book title},
    publisher={Publisher},
    year={2003},
    address={City, country},
    note={172 p.},
    langid={english},
}

@misc{PvzElPubLt,
    author={A. Pavardenis and B. Pavardonis and C. Šavardauskas},
    title={Elektroninės publikacijos pavadinimas},
    howpublished={\url{http://example.com/kelias/iki/straipsnio.pdf}},
    year={2004}, 
    note={45 KB, tikrinta 2015-02-01},
}

@misc{PvzElPubEn,
    author={A. Surname and B. Tsurname and C. Usurname},
    title={Online Source Title},
    howpublished={\url{http://example.com/path/to/the/article.pdf}},
    year={2004}, 
    note={45 KB, accessed 2015-02-01.},
    langid={english},
}

@mastersthesis{PvzMagistrLt,
    author={A. Pavardonis},
    title={Magistrinio darbo pavadinimas},
    school={Universiteto pavadinimas},
    year={2005},
}

@phdthesis{PvzPhdEn,
    author={A. Surname},
    title={Ttitle of PhD thesis},
    school={Title of university},
    year={2005},
    langid={english},
}

@misc{StanfWebCrawl,
    author={C. Olston and Marc Najork},
    title={Web Crawling},
    howpublished={\url{http://infolab.stanford.edu/~olston/publications/crawling_survey.pdf}},
    year={2010}, 
    note={tikrinta 2020-03-09.},
    langid={english},
}

@misc{PromptCloudScrapingVsCrawling,
    author={Arpan Jha},
    title={Web Crawling: Data Scraping vs. Data Crawling},
    howpublished={\url{https://www.promptcloud.com/blog/data-scraping-vs-data-crawling/}},
    year={2012}, 
    note={tikrinta 2020-04-19.},
    langid={english},
}

@misc{OxylabsScrapingVsCrawling,
    author={Gabija Fatenaite},
    title={Data Scraping: The Powerful Force of the Business World},
    howpublished={\url{https://oxylabs.io/blog/crawling-vs-scraping}},
    year={2019}, 
    note={tikrinta 2020-04-19.},
    langid={english},
}

@misc{WebCrawlImplementationl,
    author={F. M. Javed Mehedi Shamrat and Zarrin Tasni and A.K.M Sazzadur Rahman and Naimul Islam Nobel and Syed Akhter Hossain},
    title={An Effective Implementation of Web Crawling Technology to Retrieve Data From the World Wide Web (WWW)},
    howpublished={\url{http://www.ijstr.org/final-print/jan2020/An-Effective-Implementation-Of-Web-Crawling-Technology-To-Retrieve-Data-From-The-World-Wide-Web-www.pdf}},
    year={2020}, 
    note={tikrinta 2020-03-09. Gana detali pavyzdinio saityno roboto architektūra ir jos pavyzdinė realizacija, kuri gali pagelbėti projektuojant išskirstytą sistemą},
    langid={english},
},

@misc{AzureDocumentation,
    author={Microsoft Corporation},
    title={Azure Services Documentation},
    howpublished={\url{https://docs.microsoft.com/en-us/azure/}},
    year={2020}, 
    note={tikrinta 2020-03-09. Azure debesų kompiuterijos paslaugų tiekėjo dokumentacijos šaltinis padės susigaudyti ieškant nagrinėjamos problemos sprendimo technologijų pasiūlymų, juos realizuojant},
}

@misc{AWSDocumentation,
    author={Amazon Web Services},
    title={Amazon Web Services Documentation},
    howpublished={\url{https://docs.aws.amazon.com/}},
    year={2020}, 
    note={tikrinta 2020-03-09. Amazon AWS debesų kompiuterijos paslaugų tiekėjo dokumentacijos šaltinis kaip alternatyva Azure paslaugoms},
}

@misc{Mercator,
    author={Allan Heydon and  Marc Najork},
    title={Mercator: A scalable, extensible Web crawler},
    howpublished={\url{http://www.bagualu.net/linux/crawler.pdf}},
    year={1999}, 
    note={tikrinta 2020-03-09. Java kalba realizuotas plečiamas, papildomas saityno paieškos robotas -- dar vienas architektūrinis pavyzdys, atskleidžiantis esminius tokių sistemų sudedamuosius komponentus},
}

@misc{UbiCrawler,
    author={Paolo Boldi and Bruno Codenotti and Massimo Santini and Sebastiano Vigna},
    title={UbiCrawler: a scalable fully distributed Web crawler},
    howpublished={\url{http://ccc.inaoep.mx/~villasen/bib/crawler.pdf}},
    year={2004}, 
    note={tikrinta 2020-03-09. Java kalba realizuotas dar vienas saityno paieškos robotas. Akcentas -- ši architektūra pasižymi tuo, kad yra pilnai išskirstyta},
}

@misc{AjaxCrawling,
    author={Cristian Duda and Gianni Frey and Donald Kossmann and Chong Zho},title={AJASearch: Crawling, Indexing and Searchingl and 0 Application},
    howpublished={\url{https://web.archive.org/web/20120508001129/http://www.vldb.org/pvldb/1/1454195.pdf}},
    year={2008}, 
    note={tikrinta 2020-03-09. Pristatomi sprendimai, kaip būtų galima žvalgyti naujos kartos Saityno 2.0 puslapius, kurių turinys užkraunamas dinamiškai Javascript kodo pagalba}
}

@misc{MercedCloudBasedWebCrawler,
    author={Mehdi Bahrami, Mukesh Singhal and Zixuan Zhuang},
    title={A Cloud-based Web Crawler Architecture},
    howpublished={\url{http://cloudlab.ucmerced.edu/sites/cloudlab.ucmerced.edu/files/documents/bahrami_et_al._a_cloud-based_web_crawler_architecture_cloud_lab_ucm.pdf}},
    year={2014}, 
    note={tikrinta 2020-04-09},
}

@misc{InternetLiveStats,
    author={Internet Live Stats},
    title={Total number of Websites},
    howpublished={\url{https://www.internetlivestats.com/total-number-of-websites/}},
    year={2020}, 
    note={tikrinta 2020-04-20},
}